@online{
    pidController,
    url = {https://www.geeksforgeeks.org/proportional-integral-derivative-controller-in-control-system/},
    year = {2023},
    author = {chalti},
    title = {Proportional Integral Derivative Controller in Control System},
    publisher = {geeksforgeeks}
}
@online{vl53l0x,
  author    = {Niklas Nilsson},
  title     = {vl6180x\_vl53l0x\_msp430},
  year      = {2021},
  publisher = {github},
  url       = {https://github.com/artfulbytes/vl6180x_vl53l0x_msp430},
}
@online{hunter,
  author    = {Geoffrey Hunter},
  title     = {Exponential Moving Average (EMA) Filters},
  year      = {2014},
  date      = {2014-02-26},
  url       = {https://blog.mbedded.ninja/programming/signal-processing/digital-filters/exponential-moving-average-ema-filter/},
  publisher = {mbedded.ninja},
  note      = {Last updated Apr 11, 2024}
}
@misc{openai2024,
  author       = {{OpenAI}},
  year         = {2025},
  title        = {ChatGPT},
  howpublished = {\url{https://chat.openai.com/chat}},
  note         = {Large language model}
}

@manual{opt3001,
  title        = {{OPT3001 Ambient Light Sensor Datasheet}},
  author       = {{Texas Instruments}},
  year         = {2017},
  note         = {Pages 20--23},
  url          = {https://www.ti.com/product/OPT3001}
}

@online{sht31,
  author        = {Jianjing Huang},
  title         = {{Grove - Temp and Humi Sensor(SHT31)}},
  year          = {2022},
  publisher     = {seeed studio},
  url           = {https://wiki.seeedstudio.com/Grove-TempAndHumi_Sensor-SHT31/}
}

@misc{boosterpack,
  title         = {{BOOSTXL-SENSORS Sensors BoosterPack Plug-in Module}},
  author        ={{Texas Instruments}},
  year          ={2018},
  note          ={{Page 4}},
  url           ={https://www.ti.com/lit/ug/slau666b/slau666b.pdf?ts=1748613205413}
}

@manual{drv8323,
  title         ={{DRV832x 6 to 60-V Three-Phase Smart Gate Driver}},
  author        ={{Texas Instruments}},
  year          ={2017},
  note          ={{Page 42}},
  url           ={https://www.ti.com/product/DRV8323}
}

@misc{tm4c129ncpdt,
  title         ={{Tiva™ TM4C1294NCPDT Microcontroller
DATA SHEET}},
  author        ={{Texas Instruments}},
  year          ={2014},
  note          ={{Sections 10, 13, 18 and 25}},
  url           = {https://www.ti.com/product/TM4C1294NCPDT}
}

@manual{ek-tm4c1294xl,
  title         ={{Tiva™ C Series TM4C1294 Connected
LaunchPad Evaluation Kit
EK-TM4C1294XL
User's Guide}},
  author        ={{Texas Instruments}},
  year          ={2016},
  note          ={Pages 10--20},
  url           ={https://www.ti.com/tool/EK-TM4C1294XL}
}

@misc{freertos,
  title         ={{FreeRTOS Documentation}},
  author        ={{FreeRTOS Project}},
  year          ={2025},
  note          ={API headers, source code documentation},
  url           ={https://www.freertos.org/Documentation/00-Overview}
}

@misc{haviland_i2c,
  title         ={{I2C Drivers}},
  author        ={Jesse Haviland},
  year          ={2019},
  note          ={Source Code Repository},
  url           = {https://github.com/jhavl}
}

@misc{serialplot,
  title         ={{tauno-serial-plotter}},
  author        ={Tauno Erik},
  year          ={2024},
  note          ={Documentation and Github Repository},
  url           ={https://github.com/taunoe/tauno-serial-plotter}
}

@misc{egh456support,
  title         ={{Embedded Control of Electric Vehicle Motor System
EGH456 Embedded Systems
Supporting Material}},
  author        ={{Queensland University of Technology}},
  year          = {2025},
  note          ={Pages 2--8},
  url           ={https://canvas.qut.edu.au/courses/20807/pages/egh456-assessment-2-design-of-embedded-system-for-electric-vehicle-group-project-details?module_item_id=1889133}
}

@misc{grlib,
  author        ={{Texas Instruments}},
  title         ={{TivaWAre Graphics Libraryu (grlib)}},
  year          ={2007},
  howpublished  ={Source Code (API headers and function comments)},
  note          = {Part of TivaWare Peripheral Driver Library}
}
@misc{motordata,
  author = {maxon},
  title = {EC 32 flat},
  year = {2021},
  url = {https://www.maxongroup.com/medias/sys_master/root/8882562662430/EN-21-292.pdf}
}
